@BOOK{USBComplete,
  author = {Jan Axelson},
  title = {USB Complete: Everything You Need to Develop USB Peripherals},
  edition = {3},
  isbn = 1931448027,
  year = {2005},
  publisher = {Lakeview Research LLC}
}

@misc{BlackHat,
  author = {Andy Greenberg},
  title = {Why the Security of USB Is Fundamentally Broken},
  year = {2014},
  howpublished = {online},
  url = {https://www.wired.com/2014/07/usb-security/},
  cited = {01/01/2023}
}

@inproceedings{goodusb,
  author = {Tian, Dave Jing and Bates, Adam and Butler, Kevin},
  title = {Defending Against Malicious USB Firmware with GoodUSB},
  year = {2015},
  isbn = {9781450336826},
  publisher = {Association for Computing Machinery},
  address = {New York, NY, USA},
  url = {https://doi.org/10.1145/2818000.2818040},
  doi = {10.1145/2818000.2818040},
  booktitle = {Proceedings of the 31st Annual Computer Security Applications Conference},
  pages = {261–270},
  numpages = {10},
  keywords = {Linux Kernel, USB, BadUSB},
  location = {Los Angeles, CA, USA},
  series = {ACSAC '15}
}

@inproceedings{badusbc,
  author={Lu, Hongyi and Wu, Yechang and Li, Shuqing and Lin, You and Zhang, Chaozu and Zhang, Fengwei},
  booktitle={2021 IEEE Security and Privacy Workshops (SPW)},
  title={BADUSB-C: Revisiting BadUSB with Type-C},
  year={2021},
  volume={},
  number={},
  pages={327-338},
  publisher={IEEE},
  url={https://doi.org/10.1109/spw53761.2021.00053},
  doi={10.1109/SPW53761.2021.00053}
}

@inproceedings {197175,
  author = {Sebastian Angel and Riad S. Wahby and Max Howald and Joshua B. Leners and Michael Spilo and Zhen Sun and Andrew J. Blumberg and Michael Walfish},
  title = {Defending against Malicious Peripherals with Cinch},
  booktitle = {25th USENIX Security Symposium (USENIX Security 16)},
  year = {2016},
  isbn = {978-1-931971-32-4},
  address = {Austin, TX},
  pages = {397--414},
  url = {https://www.usenix.org/conference/usenixsecurity16/technical-sessions/presentation/angel},
  publisher = {USENIX Association},
  month = aug,
}

@webpage{fatFS,
  author={Igor Kholodov},
  title={The FAT File System},
  howpublished={online},
  publisher={Bristol Community Collage},
  year={2010},
  url={http://www.c-jump.com/CIS24/Slides/FAT/lecture.html}
}

@inproceedings{KerschbaumFlorian2018UBUK,
  series = {Lecture Notes in Computer Science},
  issn = {0302-9743},
  pages = {278--295},
  volume = {10980},
  publisher = {Springer International Publishing AG},
  booktitle = {Data and Applications Security and Privacy XXXII},
  isbn = {9783319957289},
  year = {2018},
  title = {USBlock: Blocking USB-Based Keypress Injection Attacks},
  copyright = {IFIP International Federation for Information Processing 2018},
  language = {eng},
  address = {Switzerland},
  author = {Kerschbaum, Florian and Paraboschi, Stefano},
  keywords = {BadUSB ; Linux kernel ; Security ; System security ; USB},
}

@misc{al-sibai_2023,
  title={You can apparently use a "USB condom" to protect against the FBI's latest boogeyman},
  url={https://futurism.com/the-byte/usb-condom-juice-jacking},
  journal={Futurism},
  publisher={Futurism},
  author={Al-Sibai, Noor},
  howpublished={online},
  year={2023},
  month={Apr},
  cited={30/04/2023},
}

@misc{arghire_2020,
  title={Google releases tool to block USB keystroke injection attacks},
  url={https://www.securityweek.com/google-releases-tool-block-usb-keystroke-injection-attacks/},
  journal={SecurityWeek},
  author={Arghire, ByIonut},
  howpublished={online},
  year={2020},
  month={Mar},
  cited={30/04/2023},
}

@BOOK{2008Ericson,
  author = {Jon Ericson},
  title = {Hacking: The Art of Exploitation},
  edition = {2},
  isbn = 1593271441,
  year = {2008},
  publisher = {William Pollock}
}

@book{WilhelmThomas2010Ppt,
  publisher = {Elsevier ; Syngress Publishing},
  isbn = {978-1-59749-425-0},
  year = {2010},
  title = {Professional penetration testing : creating and operating a formal hacking lab},
  language = {eng},
  address = {Amsterdam : Boston},
  author = {Wilhelm, Thomas},
  keywords = {počítačové sítě vt; bezpečnost počítačových sítí; hackeři; hackování},
  howpublished = {online},
  cited = {30/04/2023}
}

@misc{gatlan_2022,
  title={FBI: Hackers use badusb to target defense firms with ransomware},
  url={https://www.bleepingcomputer.com/news/security/fbi-hackers-use-badusb-to-target-defense-firms-with-ransomware/},
  journal={BleepingComputer},
  publisher={BleepingComputer},
  author={Gatlan, Sergiu},
  year={2022},
  month={Jan},
  howpublished={online},
  cited={30/04/2023}
}
